<record xmlns="http://www.loc.gov/MARC21/slim" xmlns:xsi="http://www.w3.org/2001/XMLSchema-instance" xsi:schemaLocation="http://www.loc.gov/MARC21/slim http://www.loc.gov/standards/marcxml/schema/MARC21slim.xsd">

  <leader>00581nam a2200193Ia 4500</leader>
  <controlfield tag="008">150821b2003    sp ||||| |||| 00| | spa d</controlfield>
  <datafield tag="020" ind1=" " ind2=" ">
    <subfield code="a">8474328357</subfield>
  </datafield>
  <datafield ind2=" " ind1=" " tag="090">
    <subfield code="a">06.02.01 </subfield>
    <subfield code="b">1145</subfield>
  </datafield>
  <datafield tag="100" ind1="1" ind2=" ">
    <subfield code="a">Morin, Edgar</subfield>
    <subfield code="9">912</subfield>
  </datafield>
  <datafield ind2="0" ind1="1" tag="245">
    <subfield code="a">Educar en la era planetaria / </subfield>
    <subfield code="c">Edgar Morin; Emilio Roger Ciurana; Raúl Domingo Motta</subfield>
  </datafield>
  <datafield ind1=" " ind2=" " tag="260">
    <subfield code="a">España : </subfield>
    <subfield code="b">Gedisa Editorial, </subfield>
    <subfield code="c">2003</subfield>
  </datafield>
  <datafield ind2=" " ind1=" " tag="300">
    <subfield code="a">140 páginas</subfield>
  </datafield>
  <datafield tag="650" ind2="4" ind1="1">
    <subfield code="a">EDUCACIÓN</subfield>
    <subfield code="9">1</subfield>
  </datafield>
  <datafield tag="650" ind1="1" ind2="4">
    <subfield code="a">FILOSOFÍA</subfield>
    <subfield code="9">336</subfield>
  </datafield>
  <datafield ind1="1" ind2="4" tag="650">
    <subfield code="a">ENSAYO</subfield>
    <subfield code="9">384</subfield>
  </datafield>
  <datafield tag="700" ind1="1" ind2=" ">
    <subfield code="9">913</subfield>
    <subfield code="a">Ciurana, Emilio Roger </subfield>
  </datafield>
  <datafield tag="700" ind2=" " ind1="0">
    <subfield code="9">914</subfield>
    <subfield code="a">Motta, Raúl Domingo </subfield>
  </datafield>
  <datafield tag="942" ind2=" " ind1=" ">
    <subfield code="2">z</subfield>
    <subfield code="c">01</subfield>
  </datafield>
  <datafield tag="999" ind1=" " ind2=" ">
    <subfield code="c">237</subfield>
    <subfield code="d">237</subfield>
  </datafield>
</record>